@book{BKPAL10,
  title={Polygon Mesh Processing},
  author={Botsch, M. and Kobbelt, L. and Pauly, M. and Alliez, P. and Levy, B.},
  isbn={9781568814261},
  lccn={2009024954},
  series={Ak Peters Series},
  url={https://books.google.com.br/books?id=8zX-2VRqBAkC},
  year={2010},
  publisher={Taylor \& Francis}
}

@misc{AIMSHAPE,
  title = {AIM@SHAPE Shape Repository},
  howpublished = {\url{http://visionair.ge.imati.cnr.it}},
  note = {Accessed: 2017-05-01}
}


@article{HS13,
  title={Mesh denoising via L 0 minimization},
  author={He, Lei and Schaefer, Scott},
  journal={ACM Transactions on Graphics (TOG)},
  volume={32},
  number={4},
  pages={64},
  year={2013},
  publisher={ACM}
}

@inproceedings{FDC03,
  title={Bilateral mesh denoising},
  author={Fleishman, Shachar and Drori, Iddo and Cohen-Or, Daniel},
  booktitle={ACM transactions on graphics (TOG)},
  volume={22},
  number={3},
  pages={950--953},
  year={2003},
  organization={ACM}
}

@inproceedings{JDD03,
  title={Non-iterative, feature-preserving mesh smoothing},
  author={Jones, Thouis R and Durand, Fr{\'e}do and Desbrun, Mathieu},
  booktitle={ACM Transactions on Graphics (TOG)},
  volume={22},
  number={3},
  pages={943--949},
  year={2003},
  organization={ACM}
}

@article{SRML07,
  title={Fast and effective feature-preserving mesh denoising},
  author={Sun, Xianfang and Rosin, Paul and Martin, Ralph and Langbein, Frank},
  journal={IEEE transactions on visualization and computer graphics},
  volume={13},
  number={5},
  pages={925--938},
  year={2007},
  publisher={IEEE}
}

@article{ZFAT11,
  title={Bilateral normal filtering for mesh denoising},
  author={Zheng, Youyi and Fu, Hongbo and Au, Oscar Kin-Chung and Tai, Chiew-Lan},
  journal={IEEE Transactions on Visualization and Computer Graphics},
  volume={17},
  number={10},
  pages={1521--1530},
  year={2011},
  publisher={IEEE}
}

@inproceedings{ZDZBL15,
  title={Guided mesh normal filtering},
  author={Zhang, Wangyu and Deng, Bailin and Zhang, Juyong and Bouaziz, Sofien and Liu, Ligang},
  booktitle={Computer Graphics Forum},
  volume={34},
  number={7},
  pages={23--34},
  year={2015},
  organization={Wiley Online Library}
}

@article{YRP16,
  title={Mesh denoising based on normal voting tensor and binary optimization},
  author={Yadav, SK and Reitebuch, Ulrich and Polthier, Konrad},
  journal={arXiv preprint arXiv:1607.07427},
  year={2016}
}

@online{gary_v_type,
  author = {Gary V. Vaughan},
  title = {Gradual type checking for Lua functions},
  year = 2014,
  url = {gvvaughan.github.io/typecheck},
  urldate = {2022-12-01}
}




